@comment{Paul, A. S., \& Wan, E. A. (2009). RSSI-based indoor localization and tracking using sigma-point Kalman smoothers. Selected Topics in Signal Processing, IEEE Journal of, 3(5), 860-873}
@article{Wan09,
  title={RSSI-based indoor localization and tracking using sigma-point Kalman smoothers},
  author={Paul, Anindya S and Wan, Eric A},
  journal={Selected Topics in Signal Processing, IEEE Journal of},
  volume={3},
  number={5},
  pages={860--873},
  year={2009},
  publisher={IEEE}
}

@comment{Shuo, S., Hao, S., \& Yang, S. (2010, December). Design of an experimental indoor position system based on RSSI.In Information Science and Engineering (ICISE), 2010 2nd International Conference on (pp. 1989-1992). IEEE.}
@inproceedings{Shuo10,
  title={Design of an experimental indoor position system based on RSSI},
  author={Shuo, Shi and Hao, Sun and Yang, Song},
  booktitle={Information Science and Engineering (ICISE), 2010 2nd International Conference on},
  pages={1989--1992},
  year={2010},
  organization={IEEE}
}


@comment{Feldmann, S., Kyamakya, K., Zapater, A., \& Lue, Z. (2003, June). An Indoor Bluetooth-Based Positioning System: Concept, Implementation and Experimental Evaluation. In International Conference on Wireless Networks (pp. 109-113).}
@inproceedings{Feldmann03,
  title={An Indoor Bluetooth-Based Positioning System: Concept, Implementation and Experimental Evaluation.},
  author={Feldmann, Silke and Kyamakya, Kyandoghere and Zapater, Ana and Lue, Zighuo},
  booktitle={International Conference on Wireless Networks},
  pages={109--113},
  year={2003}
}

